@INPROCEEDINGS{wang_2013,
  author={Yapeng Wang and Xu Yang and Yutian Zhao and Yue Liu and Cuthbert, L.},
  booktitle={Consumer Communications and Networking Conference (CCNC), 2013 IEEE},
  title={Bluetooth positioning using RSSI and triangulation methods},
  year={2013},
  month={Jan},
  pages={837-842},
  keywords={Bluetooth;Global Positioning System;indoor radio;least squares approximations;mathematical analysis;Bluetooth positioning;GPS;PAD;RSS;RSSI;centroid method;indoor wireless positioning;least square estimation;location based services;mathematical model;mobile devices;radio signal strength;triangulation methods;Bluetooth Positioning;RSSI;Triangulation},
  doi={10.1109/CCNC.2013.6488558}
}

@MISC{wwdc_2012,
  author={Andy Pham},
  title={Session 524: Understanding Core Motion},
  howpublished={Video recording of talk at Apples WWDC 2012},
  year={2012},
  month={June}
}

@MISC{wwdc_2014,
  author={Andy Pham and Sunny Chow},
  title={Session 612: Motion Tracking with Core Motion Framework},
  howpublished={Video recording of talk at Apples WWDC 2014},
  year={2014},
  month={June}
}

@manual{ios_cm,
  title={iOS 8.1 CoreMotion framework documentation},
  year={2014},
  organization="{Apple, Inc.}"
}

@manual{ios_cl,
  title={iOS 8.1 CoreLocation framework documentation},
  year={2014},
  organization="{Apple, Inc.}"
}
