% iBeacon
@manual{binside:ds,
  title={BEACONinside iBeacon Datasheet},
  year={2014},
  month={May},
  organization="{BEACONinside GmbH}",
  note="{Model No.: B0001-A HW: Rev 1.1 SW: 1.0}"
}

@manual{apple:getting_started,
  title={Getting Started with iBeacon},
  year={2014},
  month={June},
  organization="{Apple Inc.}",
  note="{Version 1.0}"
}

@manual{bluetooth:spec,
  title={Specification of the Bluetooth System Version 4.0},
  organization="{Bluetooth SIG, Inc.}",
  year={2010},
  month={June},
  note={Vol. 0}
}

@MISC{apple:wwdc_2013_bruins,
  author={Jay Bruins},
  title={What's new in Core Location},
  howpublished={Video recording of talk at Apple's WWDC 2013},
  year={2013},
  month={June},
  note="{Session 307}"
}

@MISC{apple:wwdc_2014_patel,
  author={Nav Patel},
  title={Taking Core Location indoors},
  howpublished={Video recording of talk at Apple's WWDC 2014},
  year={2014},
  month={June},
  note="{Session 708}"
}

@MISC{apple:wwdc_2014_rhee,
  author={Stephen Rhee},
  title={What's new in Core Location},
  howpublished={Video recording of talk at Apple's WWDC 2014},
  year={2014},
  month={June},
  note="{Session 706}"
}


% sensors
@MISC{apple:wwdc_2012_pham,
  author={Andy Pham},
  title={Understanding Core Motion},
  howpublished={Video recording of talk at Apple's WWDC 2012},
  year={2012},
  month={June},
  note="{Session 524}"
}

@MISC{apple:wwdc_2014_pham,
  author={Andy Pham and Sunny Chow},
  title={Motion Tracking with Core Motion Framework},
  howpublished={Video recording of talk at Apple's WWDC 2014},
  year={2014},
  month={June},
  note="{Session 612}"
}

@manual{apple:ios_doc_cm,
  title={iOS 8.1 CoreMotion framework documentation},
  year={2014},
  organization="{Apple, Inc.}"
}

@manual{apple:ios_doc_cl,
  title={iOS 8.1 CoreLocation framework documentation},
  year={2014},
  organization="{Apple, Inc.}"
}


% localization
@INPROCEEDINGS{wang:bt_pos,
  author={Yapeng Wang and Xu Yang and Yutian Zhao and Yue Liu and Cuthbert, L.},
  booktitle={Consumer Communications and Networking Conference (CCNC), 2013 IEEE},
  title={Bluetooth positioning using RSSI and triangulation methods},
  year={2013},
  month={Jan},
  pages={837-842},
  keywords={Bluetooth;Global Positioning System;indoor radio;least squares approximations;mathematical analysis;Bluetooth positioning;GPS;PAD;RSS;RSSI;centroid method;indoor wireless positioning;least square estimation;location based services;mathematical model;mobile devices;radio signal strength;triangulation methods;Bluetooth Positioning;RSSI;Triangulation},
  doi={10.1109/CCNC.2013.6488558}
}

@book {thrun:prob_robo,
  author = {Thrun, Sebastian and Burgard, Wolfram and Fox, Dieter},
  title = {Probabilistic robotics},
  address = {Cambridge, Mass.; London},
  year = {2005},
  publisher = {MIT Press},
  keywords = {Robotics. Probabilities},
  ISBN = {0-262-20162-3},
}

@ARTICLE{IEEE:survey_wireless_indoor_pos,
  author={Hui Liu and Darabi, H. and Banerjee, P. and Jing Liu},
  journal={Systems, Man, and Cybernetics, Part C: Applications and Reviews, IEEE Transactions on},
  title={Survey of Wireless Indoor Positioning Techniques and Systems},
  year={2007},
  month={Nov},
  volume={37},
  number={6},
  pages={1067-1080},
  keywords={indoor radio;radiowave propagation;location fingerprinting;wireless indoor positioning technique;Automation;Costs;Fingerprint recognition;Image analysis;Inventory management;Object detection;Radio frequency;Robustness;Scalability;Wireless sensor networks;Indoor location sensing;location fingerprinting;positioning algorithm;radio frequency (RF);wireless localization},
  doi={10.1109/TSMCC.2007.905750},
  ISSN={1094-6977}
}

@inproceedings{siddiqi:experiments_mcl_wifi,
  title={Experiments in monte-carlo localization using wifi signal strength},
  author={Siddiqi, Sajid and Sukhatme, Gaurav S and Howard, Andrew},
  booktitle={The 11th International conference on advanced robotics, Coimbra, Portugal},
  year={2003}
}
@inproceedings{kotanen:exp_local_pos_bt,
  title={Experiments on local positioning with Bluetooth},
  author={Kotanen, Antti and Hannikainen, Marko and Leppakoski, Helena and Hamalainen, Timo D},
  booktitle={Information Technology: Coding and Computing [Computers and Communications], 2003. Proceedings. ITCC 2003. International Conference on},
  pages={297--303},
  year={2003},
  organization={IEEE}
}
